<?xml version="1.0" encoding="UTF-8"?><record xmlns="http://www.loc.gov/MARC21/slim" xmlns:cinclude="http://apache.org/cocoon/include/1.0" xmlns:zs="http://www.loc.gov/zing/srw/">
  <leader>00444nz  a2200145n  4500</leader>
  <controlfield tag="001">no2003071387</controlfield>
  <controlfield tag="003">DLC</controlfield>
  <controlfield tag="005">20030722053120.0</controlfield>
  <controlfield tag="008">030721n| acannaabn          |n aaa     c</controlfield>
  <datafield tag="010" ind1=" " ind2=" ">
    <subfield code="a">no2003071387</subfield>
  </datafield>
  <datafield tag="035" ind1=" " ind2=" ">
    <subfield code="a">(OCoLC)oca06105313</subfield>
  </datafield>
  <datafield tag="040" ind1=" " ind2=" ">
    <subfield code="a">FMU</subfield>
    <subfield code="b">eng</subfield>
    <subfield code="c">FMU</subfield>
  </datafield>
  <datafield tag="100" ind1="1" ind2="0">
    <subfield code="a">Boyar, Sully,</subfield>
    <subfield code="d">1923-2001</subfield>
  </datafield>
  <datafield tag="670" ind1=" " ind2=" ">
    <subfield code="a">Dog day afternoon, 1975:</subfield>
    <subfield code="b">credits (Sully Boyar)</subfield>
  </datafield>
  <datafield tag="670" ind1=" " ind2=" ">
    <subfield code="a">IMDB, 7/21/2003</subfield>
    <subfield code="b">(b. 14 December 1923 in Brooklyn, NY; d. 23 March 2001; actor)</subfield>
  </datafield>
</record>